<record><leader>00000cas a22000007a 4500</leader><controlfield tag="001">10674820</controlfield><controlfield tag="008">840430d18931902nyuwr ne      0    0eng d</controlfield><datafield ind1=" " ind2=" " tag="010"><subfield code="a">sn 84031196 </subfield></datafield><datafield ind1=" " ind2=" " tag="040"><subfield code="a">NYG</subfield><subfield code="b">eng</subfield><subfield code="c">NYG</subfield><subfield code="d">NPX</subfield><subfield code="d">NYS</subfield><subfield code="d">NYG</subfield><subfield code="d">NYS</subfield><subfield code="d">OCLCQ</subfield></datafield><datafield ind1=" " ind2=" " tag="042"><subfield code="a">msc</subfield></datafield><datafield ind1="0" ind2="0" tag="245"><subfield code="a">Cohocton index.</subfield></datafield><datafield ind1="1" ind2="3" tag="246"><subfield code="a">Potato growers' journal</subfield></datafield><datafield ind1=" " ind2=" " tag="260"><subfield code="a">Cohocton, N.Y. :</subfield><subfield code="b">V.L. &amp; M.R. Tripp,</subfield><subfield code="c">1893-</subfield></datafield><datafield ind1=" " ind2=" " tag="300"><subfield code="a">v. :</subfield><subfield code="b">ill.</subfield></datafield><datafield ind1=" " ind2=" " tag="310"><subfield code="a">Weekly</subfield></datafield><datafield ind1="0" ind2=" " tag="362"><subfield code="a">Vol. 2, no. 3 (July 12, 1893)-v. 11, no. 19 (Oct. 1, 1902).</subfield></datafield><datafield ind1=" " ind2=" " tag="500"><subfield code="a">Contains a section titled "The Potato growers' journal."</subfield></datafield><datafield ind1=" " ind2=" " tag="500"><subfield code="a">Includes an Atlanta and North Cohocton department.</subfield></datafield><datafield ind1=" " ind2="4" tag="651"><subfield code="a">Cohocton (N.Y.)</subfield><subfield code="v">Newspapers.</subfield></datafield><datafield ind1=" " ind2=" " tag="752"><subfield code="a">United States</subfield><subfield code="b">New York</subfield><subfield code="c">Steuben</subfield><subfield code="d">Cohocton.</subfield></datafield><datafield ind1="0" ind2="0" tag="780"><subfield code="t">Atlanta news (Atlanta, N.Y.)</subfield><subfield code="w">(DLC)sn 84031191</subfield></datafield><datafield ind1="0" ind2="7" tag="785"><subfield code="t">Cohocton Valley times</subfield><subfield code="w">(DLC)sn 85025384</subfield></datafield><datafield ind1="0" ind2="7" tag="785"><subfield code="t">Cohocton times-index</subfield><subfield code="w">(DLC)sn 90066081</subfield><subfield code="w">(OCoLC)21545646</subfield></datafield></record>